<?xml version="1.0" encoding="UTF-8"?><record xmlns="http://www.loc.gov/MARC21/slim" xmlns:cinclude="http://apache.org/cocoon/include/1.0" xmlns:zs="http://www.loc.gov/zing/srw/">
  <leader>01598nz  a2200217n  4500</leader>
  <controlfield tag="001">nb2007026937</controlfield>
  <controlfield tag="003">DLC</controlfield>
  <controlfield tag="005">20071205075107.0</controlfield>
  <controlfield tag="008">071126n| acannaabn          |a ana      </controlfield>
  <datafield tag="010" ind1=" " ind2=" ">
    <subfield code="a">nb2007026937</subfield>
  </datafield>
  <datafield tag="035" ind1=" " ind2=" ">
    <subfield code="a">(Uk)006973637</subfield>
  </datafield>
  <datafield tag="040" ind1=" " ind2=" ">
    <subfield code="a">Uk</subfield>
    <subfield code="b">eng</subfield>
    <subfield code="c">Uk</subfield>
  </datafield>
  <datafield tag="110" ind1="2" ind2=" ">
    <subfield code="a">British Association for Counselling and Psychotherapy.</subfield>
    <subfield code="b">Personal, Relationship, Groupwork</subfield>
  </datafield>
  <datafield tag="410" ind1="2" ind2=" ">
    <subfield code="a">British Association for Counselling and Psychotherapy.</subfield>
    <subfield code="b">Personal, Relationship and Group Division</subfield>
  </datafield>
  <datafield tag="410" ind1="2" ind2=" ">
    <subfield code="a">British Association for Counselling and Psychotherapy.</subfield>
    <subfield code="b">Personal, Relationship and Groupwork Division for Counselling in Agency and Independent Settings</subfield>
  </datafield>
  <datafield tag="410" ind1="2" ind2=" ">
    <subfield code="a">Personal, Relationship, Groupwork (British Association for Counselling and Psychotherapy)</subfield>
  </datafield>
  <datafield tag="410" ind1="2" ind2=" ">
    <subfield code="a">PRG (British Association for Counselling and Psychotherapy)</subfield>
  </datafield>
  <datafield tag="510" ind1="2" ind2=" ">
    <subfield code="w">b</subfield>
    <subfield code="a">Association for Independent Practitioners (British Association for Counselling and Psychotherapy)</subfield>
  </datafield>
  <datafield tag="670" ind1=" " ind2=" ">
    <subfield code="a">News and views, winter 2001:</subfield>
    <subfield code="b">t.p. (Personal, Relationship, Groupwork; PRG Division for Counselling in Agency and Independent Settings) p. 3 (PRG; Personal, Relationship and Group Division of the British Association for Counselling and Psychotherapy) p. 4 (Personal Relationship and Groupwork Division for Counselling in Agency and Independent Settings)</subfield>
  </datafield>
  <datafield tag="670" ind1=" " ind2=" ">
    <subfield code="a">AIP website, 26 Nov. 2007</subfield>
    <subfield code="b">(Association for Independent Practitioners (AIP), formerly Personal Relationship Groupwork (PRG), is a division of the BACP)</subfield>
  </datafield>
  <datafield tag="670" ind1=" " ind2=" ">
    <subfield code="a">E-mail correspondence with AIP, 30 Nov. 2007</subfield>
    <subfield code="b">("Personal, Relationship, Groupwork" represented three separate elements)</subfield>
  </datafield>
</record>